%% This BibTeX bibliography file was created using BibDesk.
%% http://bibdesk.sourceforge.net/

%% Created for Venkat Viswanathan at 2017-05-23 09:42:56 -0400 
%% Saved with string encoding Unicode (UTF-8) 

%% Other older highly cited papers
@article{rosero2007moving,
  title={Moving towards a more electric aircraft},
  author={Rosero, JA and Ortega, JA and Aldabas, E and Romeral, LARL},
  journal={IEEE Aerospace and Electronic Systems Magazine},
  volume={22},
  number={3},
  pages={3--9},
  year={2007},
  publisher={IEEE}
}

@article{fredericks2018performance,
  title={Performance Metrics Required of Next-Generation Batteries to Electrify Vertical Takeoff and Landing (VTOL) Aircraft},
  author={Fredericks, William L and Sripad, Shashank and Bower, Geoffrey C and Viswanathan, Venkatasubramanian},
  journal={ACS Energy Lett.},
  volume={3},
  number={12},
  pages={2989--2994},
  year={2018},
  publisher={ACS Publications}
}

@article{placke2017lithium,
  title={Lithium ion, lithium metal, and alternative rechargeable battery technologies: the odyssey for high energy density},
  author={Placke, Tobias and Kloepsch, Richard and Duehnen, Simon and Winter, Martin},
  journal={J. Solid State Electr.},
  volume={21},
  number={7},
  pages={1939--1964},
  year={2017},
  publisher={Springer}
}

@article{bradley2015subsonic,
  title={Subsonic Ultra Green Aircraft Research: Phase 2. Volume 2; Hybrid Electric Design Exploration},
  author={Bradley, Marty K and Droney, Christopher K},
  year={2015}
}

@article{gallagher2014quantifying,
  title={Quantifying the promise of lithium--air batteries for electric vehicles},
  author={Gallagher, Kevin G and Goebel, Steven and Greszler, Thomas and Mathias, Mark and Oelerich, Wolfgang and Eroglu, Damla and Srinivasan, Venkat},
  journal={Energy \& Environmental Science},
  volume={7},
  number={5},
  pages={1555--1563},
  year={2014},
  publisher={Royal Society of Chemistry}
}

@article{SUN2019118,
title = "WRAP: An open-source kinematic aircraft performance model",
journal = "Transportation Research Part C: Emerging Technologies",
volume = "98",
pages = "118 - 138",
year = "2019",
issn = "0968-090X",
doi = "https://doi.org/10.1016/j.trc.2018.11.009",
url = "http://www.sciencedirect.com/science/article/pii/S0968090X18306089",
author = "Junzi Sun and Joost Ellerbroek and Jacco M. Hoekstra",
}


@misc{zunum,
title = {Zunum Aerospace},
year = {2019},
Note = {Accessed Date: 3-May-2019},
howpublished = {\url{https://zunum.aero/}}
}

@misc{wright,
title={Wright Electric},
year={2019},
Note = {Accessed Date: 3-May-2019},
howpublished = {\url{https://weflywright.com/}}





@Inbook{Falck2018,
author={Falck, Robert D.
and Ingraham, Daniel
and Aretskin-Hariton, Eliot},
title={Multidisciplinary Optimization of Urban-Air-Mobility Class Aircraft Trajectories with Acoustic Constraints},
series={AIAA Propulsion and Energy Forum},
year={2018},
month={Jul},
day={08},
publisher={American Institute of Aeronautics and Astronautics},
doi={10.2514/6.2018-4985},
url={https://doi.org/10.2514/6.2018-4985}
}

@misc{2017NASAurbanair,
    author={{Lillian Gipson, ed.}},
	Howpublished = {\url{https://www.nasa.gov/aero/nasa-embraces-urban-air-mobility}},
	Note = {Accessed Date: 15-October-2018},
	Title = {{NASA Embraces Urban Air Mobility, Calls for Market Study}},
	year = {2017}}

@Article{Bettencourt2007,
author={Bettencourt, Lu{\'i}s M. A.
and Lobo, Jos{\'e}
and Helbing, Dirk
and K{\"u}hnert, Christian
and West, Geoffrey B.},
title={Growth, Innovation, Scaling, and the Pace of Life in Cities},
journal={Proc. Natl. Acad. Sci. U.S.A.},
year={2007},
month={Apr},
day={24},
volume={104},
number={17},
pages={7301},
doi={10.1073/pnas.0610172104},
url={http://www.pnas.org/content/104/17/7301.abstract}
}

@article{Brelje2018,
title = "Electric, Hybrid, and Turboelectric Fixed-wing Aircraft: A Review of Concepts, Models, and Design Approaches",
journal={Prog. Aerosp. Sci.},
year = "2018",
issn = "0376-0421",
doi = "https://doi.org/10.1016/j.paerosci.2018.06.004",
url = "http://www.sciencedirect.com/science/article/pii/S0376042118300356",
volume = {DOI: 10.1016/j.paerosci.2018.06.004},
author={Brelje, Benjamin J.
and Martins, Joaquim R. R. A.}
}

@misc{BIcountriesEV,
    Author={{Danielle Muoio, Business Insider}},
	Howpublished = {\url{https://www.businessinsider.com/countries-banning-gas-cars-2017-10}},
	Note = {Accessed Date: 15-October-2018},
	Title = {{These Countries Are Banning Gas-Powered Vehicles by 2040}}}

@misc{CNNcountriesEV,
    Author={{Alanna Petroff, CNN Business}},
	Howpublished = {\url{https://money.cnn.com/2017/07/26/autos/countries-that-are-banning-gas-cars-for-electric/index.html}},
	Note = {Accessed Date: 15-October-2018},
	Title = {{These Countries Want to Ditch Gas and Diesel Cars}}}

@techreport{bnef2018ev,
  title={Electric Vehicle Outlook: 2018},
  author={{Bloomberg New Energy Finance}},
  Year = {2018}}

@misc{4millionblog,
  Author={Bloomberg New Energy Finance},
  Howpublished={\urlhttps://about.bnef.com/blog/cumulative-global-ev-sales-hit-4-million/,}},
  Note = {Accessed Date: 12-May-2019}
  Title={Cumulative Global EV Sales Hit 4 Million}}
  
  @misc{vahana,
  Author={Airbus},
  Howpublished={\url{https://www.airbus-sv.com/projects/1}}
  Note = {Accessed Date: 12-May-2019}
  Title={Vahana}}
  
  @misc{FAAreserve,
  author={Federal Aviation Administration},
  title={14 CFR § 121.639 - Fuel supply: All domestic operations.}
  Howpublished={\url https://www.law.cornell.edu/cfr/text/14/121.639}
  Note = {Accessed Date: 12-May-2019}
  }


@InBook{moore2014dep,
  title={Drag Reduction Through Distributed Electric Propulsion},
  author={Alex M. Stoll and JoeBen Bevirt and Mark D. Moore and William J. Fredericks and Nicholas K. Borer},
series={AIAA AVIATION Forum},
year={2014},
month={Jun},
day={16-20},
publisher={American Institute of Aeronautics and Astronautics},
doi={10.2514/6.2014-2851},
url={https://arc.aiaa.org/doi/pdf/10.2514/6.2014-2851}
}

@book{davis2017transportation,
  title={Transportation Energy Data Book. Edition 36},
  author={Davis, Stacy C},
  year={2017},
  publisher={DIANE Publishing}
}

@article{AIC,
title = "Formation and radiative forcing of contrail cirrus",
journal={Nature Communications},
year = "2018",
doi = "https://doi.org/10.1038/s41467-018-04068-0",
url = "https://www.nature.com/articles/s41467-018-04068-0",
author={ Kärcher, Bernd}
}

@misc{norway,
	Author = {Dowling, Stephen},
	Howpublished = {\url{http://www.bbc.com/future/story/20180814-norways-plan-for-a-fleet-of-electric-planes}},
	Month = August,
	Note = {Online Article, Accessed Date: 12-May-2019},
	Publisher = {BBC,
	Title = {Norway's plan for a fleet of electric planes},
	Year = {2018}}
	
	@article{Epstein,
author = {Epstein, Alan H. and O’Flarity, Steven M.},
title = {Considerations for Reducing Aviation’s CO2 with Aircraft Electric Propulsion},
journal = {Journal of Propulsion and Power},
volume = {35},
number = {3},
pages = {572-582},
year = {2019},
doi = {10.2514/1.B37015},

URL = { 
        https://doi.org/10.2514/1.B37015
    
},
eprint = { 
        https://doi.org/10.2514/1.B37015
    
}}

@article{GNADT20191,
title = "Technical and environmental assessment of all-electric 180-passenger commercial aircraft",
journal = "Progress in Aerospace Sciences",
volume = "105",
pages = "1 - 30",
year = "2019",
issn = "0376-0421",
doi = "https://doi.org/10.1016/j.paerosci.2018.11.002",
url = "http://www.sciencedirect.com/science/article/pii/S0376042118301179",
author = "Albert R. Gnadt and Raymond L. Speth and Jayant S. Sabnis and Steven R.H. Barrett",
}

@book{Raymer,
title = {Aircraft Design: A Conceptual Approach. Edition 5},
author={Raymer, Daniel P},
year={2012},
publisher={American Institute of Aeronautics and Astronautics}
}

@book{Roskam,
title={AIRPLANE DESIGN Part 1: Preliminary Sizing of Airplanes},
author={Roskam, Jan},
year=1985,
publisher={Roskam Aviation and Engineering Corporation}
}

@book{Seddon,
author    		= {J. Seddon and Simon Newman},
title     		= {Basic Helicopter Aerodynamics},
publisher 	= {Blackwell Science},
edition  	= {2},
year      		= {2002}
}

@Inbook{NASA2018vtolTech,
author={Silva, Christopher
and Johnson, Wayne R.
and Solis, Eduardo
and Patterson, Michael D.
and Antcliff, Kevin R.},
title={VTOL Urban Air Mobility Concept Vehicles for Technology Development},
series={AIAA AVIATION Forum},
year={2018},
month={Jun},
day={24},
publisher={American Institute of Aeronautics and Astronautics},
doi={10.2514/6.2018-3847},
url={https://doi.org/10.2514/6.2018-3847}
}

@article{cano2018batteries,
  title={Batteries and Fuel Cells for Emerging Electric Vehicle Markets},
  author={Cano, Zachary P and Banham, Dustin and Ye, Siyu and Hintennach, Andreas and Lu, Jun and Fowler, Michael and Chen, Zhongwei},
  journal={Nat. Energy},
  volume={3},
  number={4},
  pages={279},
  year={2018},
  publisher={Nature Publishing Group}
}


@ARTICLE{Moore03personalair,
    author = {Mark D. Moore},
    title = {Personal Air Vehicles: a Rural/Regional and Intra-Urban On-Demand Transportation System},
    journal = {AIAA J.},
    pages = {2003-2646},
    year = {2003}
}

@conference{NASA2018vtolVehicles,
  author       = {Silva, Christopher
and Johnson, Wayne
and Solis, Eduardo}, 
  title        = {Concept Vehicles for VTOL Air Taxi Operations},
  year         = 2018,
  month        = 1,
  address      = {San Fransisco, CA},
  organization = {AHS Technical Conference on Aeromechanics Design for Transformative Vertical Flight}
}

@misc{aurora,
	author = {Aurora Flight Sciences},
	title = {XV-24A LightingStrike},
	year = 2018,
	Howpublished = {\url{https://www.aurora.aero/lightningstrike/}},
	Note = {Accessed Date: 15-October-2018}
}
@misc{osprey,
	author = {{Bell Helicopter Textron Inc.}},
	title = {Bell Boeing V-22 Osprey},
	year = 2018,
	Note = {Accessed Date: 15-October-2018},
	howpublished = {\url{http://www.bellflight.com/military/bell-boeing-v-22}}
}

@misc{ehang,
	author = {EHANG},
	title = {EHANG 184},
	year = 2018,
	Note = {Accessed Date: 15-October-2018},
	howpublished = {\url{http://www.ehang.com/ehang184/}}
}

@misc{astro,
	author = {Astro},
	title = {Elroy: The Vehicle for the Modern Age},
	year = 2018,
	Note = {Accessed Date: 15-October-2018},
	howpublished = {\url{https://flyastro.com/design/}}
}

@misc{lilium,
	author = {Lilium},
	title = {The Lilium Jet},
	year = 2018,
	Note = {Accessed Date: 15-October-2018},
	howpublished = {\url{https://lilium.com/}}
}

@misc{volocopter,
	author = {Volocopter},
	title = {Our High Flier: The Volocopter 2X},
	year = 2018,
	Note = {Accessed Date: 15-October-2018},
	howpublished = {\url{https://www.volocopter.com/en/product/}}
}

@misc{seaplane,
	author = {Harbour Air},
	title = {Harbour Air and magniX Partner to Build World’s First All-Electric Airline},
	year = 2019,
	Note = {Accessed Date: 12-May-2019},
	howpublished = {\url{https://www.harbourair.com/harbour-air-and-magnix-partner-to-build-worlds-first-all-electric-airline/}}
}

@misc{cora,
author = {{Kitty Hawk}},
title = {Cora},
year = {2018},
Note = {Accessed Date: 15-October-2018},
howpublished = {\url{https://cora.aero/}}
}

@misc{utc
    author={United Technologies Company},
    title={Defining What “Hybrid” Means for Aviation: Meet Project 804},
    year=2019,
    Note = {Accessed Date: 13-May-2019},
    howpublished={https://www.utc.com/en/news/2019/03/28/project-804}
    }
    

@misc{elevate,
author = {Jeff Holden and Nikhil Goel},
title = {"Uber Elevate: Fast-Forwarding to a Future of On-Demand Urban Air Transportation"},
year = {2016},
month = {10}
}

@article{eroglu2014fraction,
  title={Fraction of the Theoretical Specific Energy Achieved on Pack Level for Hypothetical Battery Chemistries},
  author={Eroglu, Damla and Ha, Seungbum and Gallagher, Kevin G},
  journal={J. Power Sources},
  volume={267},
  pages={14--19},
  year={2014},
  publisher={Elsevier}
}

@Inbook{boeing2017vtolCost,
author={Duffy, Michael J.
and Wakayama, Sean R.
and Hupp, Ryan},
title={A Study in Reducing the Cost of Vertical Flight with Electric Propulsion},
series={AIAA AVIATION Forum},
year={2017},
month={Jun},
day={05},
publisher={American Institute of Aeronautics and Astronautics},
doi={10.2514/6.2017-3442},
url={https://doi.org/10.2514/6.2017-3442}
}

@misc{Harloff,
author = {Harloff, Gary},
year = {2014},
month = {01},
title = {Light Sport and General Aviation Airplane Comparison and Harloff Performance Factor},
note    = {Harloff Inc.}
}

@techreport{doe2017pevsales,
  title={U.S. Plug-In Electric Vehicle Sales by Model},
  author={{U.S. Department of Energy}},
  Howpublished={\url{https://www.afdc.energy.gov/data/10567}},
  Year = {2017}
}

@techreport{uberMcDonald,
  title={eVTOL Stored Energy Overview},
  author={Rob McDonald and Brian German},
  Howpublished={Uber Elevate Summit Presentation},
  Year = {2017}
}

@techreport{iea2017outlook,
	Author = {International Energy Agency, {IEA}},
	Date-Added = {2017-10-21 19:19:52 +0000},
	Date-Modified = {2017-10-21 19:19:52 +0000},
	Title = {Global {E}{V} {O}utlook},
	Year = {2017}}

@techreport{epa2018modelS,
  title={Certificate Summary Information for TESLA, INC. 2018 Model Year Test Group JTSLV00.0L1S},
  author={{U.S. Environmental Protection Agency}},
  Howpublished={\url{https://iaspub.epa.gov/otaqpub/display_file.jsp?docid=42151&flag=1}},
  Year = {2018}
}

@techreport{epa2018model3,
  title={Certificate Summary Information for TESLA, INC. 2018 Model Year Test Group JTSLV00.0L13},
  author={{U.S. Environmental Protection Agency}},
  Howpublished={\url{https://iaspub.epa.gov/otaqpub/display_file.jsp?docid=42148&flag=1}},
  Year = {2018}
}

@Inbook{mit2018vtolOptim,
author={Brown, Arthur
and Harris, Wesley},
title={A Vehicle Design and Optimization Model for On-Demand Aviation},
series={AIAA SciTech Forum},
year={2018},
month={Jan},
day={07},
publisher={American Institute of Aeronautics and Astronautics},
doi={10.2514/6.2018-0105},
url={https://doi.org/10.2514/6.2018-0105}
}

@misc{atmoslapse,
  author       = {MathWorks}, 
  title        = {Atmoslapse},
  howpublished = {Aerospace Toolbox Documentation},
  note         = {\url{https://www.mathworks.com/help/aerotbx/ug/atmoslapse.html}}
}

@misc{vahanaConfig1,
author = {Zach Lovering},
title = {Vahana Configuration Trade Study—Part I},
year = {2016},
note = {\url{https://vahana.aero/vahana-configuration-trade-study-part-i-47729eed1cdf}}
}



@misc{uber2017air,
  author       = {Petersen, Jon}, 
  title        = {Fast Forwarding to a World of
On-Demand Air Transportation},
  year         = 2017,
  month        = 5,
  note = {Smart Urban Transportation Forum, IMA, University of Minnesota}
}

@Inbook{kim2018dep,
author={Kim, Hyun D.
and Perry, Aaron T.
and Ansell, Phillip J.},
title={A Review of Distributed Electric Propulsion Concepts for Air Vehicle Technology},
series={AIAA Propulsion and Energy Forum},
year={2018},
month={Jul},
day={08},
publisher={American Institute of Aeronautics and Astronautics},
doi={10.2514/6.2018-4998},
url={https://doi.org/10.2514/6.2018-4998}
}

@misc{evtolTimeline,
  author       = {{AHS - The Vertical Flight Society}}, 
  title        = {eVTOL Timeline},
  howpublished = {\url{http://evtol.news/evtol-timeline/}},
  year         = 2018
}

@techreport{birky2017transportation,
  title={Transportation Electrification Beyond Light Duty: Technology and Market Assessment},
  author={Birky, Alicia K and Laughlin, Michael and Tartaglia, PMP Katie and Price, Rebecca and Lin, Zhenhong},
  year={2017}
}

@techreport{eia2018electric,
  title={Monthly Electric Power Industry Report (February 2018), Table 5.6A},
  author={{U.S. Energy Information Administration}},
  Howpublished={\url{https://www.eia.gov/electricity/monthly/epm_table_grapher.php?t=epmt_5_6_a}},
  Year = {2018}
}

@techreport{eia2018aeo,
  title={Annual Energy Outlook},
  author={{U.S. Energy Information Administration}},
  Howpublished={\url{https://www.eia.gov/outlooks/aeo/}},
  Year = {2018}
}

@techreport{eiadiesel,
    title = {Gasoline and Diesel Fuel Update (March 2018)},
    author={{U.S. Energy Information Administration}},
	Howpublished = {\url{https://www.eia.gov/petroleum/gasdiesel/}},
	Year = {2018}}

@techreport{nrcreport,
	Author = {{National Research Council}},
	Publisher = {National Academies Press},
	Title = {Technologies and Approaches to Reducing the Fuel Consumption of Medium-and Heavy-Duty Vehicles},
	Type = {Technical Report, Natl. Academies Press},
	Year = {2010}}

@techreport{nptcreport,
	Author = {{National Private Truck Council}},
	Title = {Benchmarking Survey Report},
	Type = {Technical Report},
	Year = {2017}}	

@techreport{fhwa,
	Institution = {Federal Highway Administration, U.S. Department of Transportation},
	Month = February,
	Title = {Fixing America's Surface Transportation Act (FAST Act) Truck Size and Weight Provisions},
	Type = {Report, Federal Highway Administration, U.S. Department of Transportation},
	Year = {2016}}

@techreport{bnef,
  title={2017 Lithium-Ion Battery Price Survey},
  author={{Bloomberg New Energy Finance}},
  Year = {2017}}

@techreport{reinhart2015commercial,
  title={Commercial Medium-and Heavy-Duty Truck Fuel Efficiency Technology Study-Report\# 1},
  author={Reinhart, Thomas E},
  Institution = {{National Highway Traffic Safety Administration, U.S. Department of Transportation}},
  year={2015}}

@article{dot2016freight,
  title={Freight Facts and Figures 2015},
  author={DOT, US},
  journal={Bureau of Transportation Statistics, Washington, DC. Retrieved June},
  volume={7},
  pages={2016},
  year={2016}}

@techreport{atri2017,
  title={An Analysis of the Operational Costs of Trucking: 2017 Update},
  author={Hooper, Alan and Murray, Dan},
  year={2017},
  publisher={American Transportation Research Institute}}

@techreport{schoettle2016survey,
  title={A Survey of Fuel Economy and Fuel Usage by Heavy-Duty Truck Fleets},
  author={Schoettle, Brandon and Sivak, Michael and Tunnell, Michael},
  year={2016}}





@misc{hwstats,
	Howpublished = {\url{https://www.fhwa.dot.gov/policyinformation/statistics/2016/vm1.cfm}},
	Institution = {Federal Highway Administration, U.S. Department of Transportation},
	Note = {Accessed Date: 10-March-2018},
	Title = {Highway Statistics, 2016},
	Year = {2017}}
	
@misc{teslaearning,
	Howpublished = {\url{https://seekingalpha.com/article/4169027-tesla-tsla-q1-2018-results-earnings-call-transcript?part=single}},
	Note = {Accessed Date: 10-May-2018},
	Title = {Tesla Q1 2018 Earnings Call},
	Year = {2017}}	

@article{sripad2017performance,
  title={Performance Metrics Required of Next-Generation Batteries to Make a Practical Electric Semi Truck},
  author={Sripad, Shashank and Viswanathan, Venkatasubramanian},
  journal={ACS Energy Lett.},
  volume={2},
  number={7},
  pages={1669--1673},
  year={2017},
  publisher={American Chemical Society}
}

@article{guttenberg2017evaluating,
  title={Evaluating the Potential of Platooning in Lowering the Required Performance Metrics of Li-Ion Batteries to Enable Practical Electric Semi-Trucks},
  author={Guttenberg, Matthew and Sripad, Shashank and Viswanathan, Venkatasubramanian},
  journal={ACS Energy Lett.},
  volume={2},
  number={11},
  pages={2642--2646},
  year={2017},
  publisher={ACS Publications}}


@misc{volvo,
    Author={{Dani Deahl, The Verge}},
	Howpublished = {\url{https://www.cnet.com/roadshow/news/volvo-fl-electric-truck/}},
	Note = {Accessed Date: 13-April-2018},
	Title = {{Volvo FL Electric Truck Packs up to 186 Miles of Range}}}

@misc{tesla,
    Author={{Tesla Inc.}},
	Howpublished = {\url{https://www.tesla.com/semi}},
	Note = {Accessed Date: 10-March-2018},
	Title = {Tesla Semi}}

@misc{cummins,
    Author={{Cummins, Inc.}},
	Howpublished = {\url{http://investor.cummins.com/phoenix.zhtml?c=112916&p=irol-newsArticle&ID=2297183}},
	Note = {Accessed Date: 10-March-2018},
	Title = {{Cummins Unveils Next Generation of Energy-Diverse Products and Technology Solutions}}}

@misc{byd,
    Author = {{BYD Auto Co., Ltd.}},
	Howpublished = {\url{http://www.byd.com/usa/truck/}},
	Note = {Accessed Date: 10-March-2018},
	Title = {{BYD, Electric Tough}}}
	
@misc{daimler,
    Author={{Daimler AG}},
	Howpublished = {\url{https://www.daimler.com/products/trucks/mercedes-benz/world-premiere-mercedes-benz-electric-truck.html}},
	Note = {Accessed Date: 10-March-2018},
	Title = {{The Mercedes-Benz Electric Truck}}}

@article{kittner2017energy,
  title={Energy Storage Deployment and Innovation for the Clean Energy Transition},
  author={Kittner, Noah and Lill, Felix and Kammen, Daniel M},
  journal={Nat. Energy},
  volume={2},
  number={9},
  pages={17125},
  year={2017},
  publisher={Nature Publishing Group}
}
	

@misc{wired,
	Author = {Adams, Eric},
	Howpublished = {\url{https://www.wired.com/2017/06/elon-musk-tesla-semi-truck-battery/}},
	Month = June,
	Note = {Online Article, Accessed Date: 10-March-2017},
	Publisher = {W{I}{R}{E}{D}},
	Title = {``Even Elon Musk May Not Be Able to Make Electric Semi Trucks Work''},
	Year = {2017}}

@misc{economist,
	Author = {Kaack, Lynn and Morgan, Granger},
	Howpublished = {\url{https://www.economist.com/news/letters/21727876-electric-cars-confederacy-brexit-puns-letters-editor}},
	Month = August,
	Note = {Online Article, Accessed Date: 10-March-2017},
	Publisher = {{T}he {E}conomist},
	Title = {``Letter to the Editor, on Road Bumps for Electric Cars''},
	Year = {2017}}
	
@misc{wapo,	
	Author = {Yeo, Sophie},
	Howpublished = {\url{https://www.washingtonpost.com/news/wonk/wp/2017/08/30/electric-cars-are-taking-off-whats-the-problem-with-an-electric-pickup-truck/}},
	Month = August,
	Note = {Online Article, Accessed Date: 10-March-2017},
	Publisher = {{T}he {W}ashington {P}ost},
	Title = {``{E}lectric Cars are Taking Off. What{'}s the Problem with an Electric Pickup Truck{?}''},
	Year = {2017}}	
	
@misc{reuters1,	
	Author = {Vertabedian, Marc},
	Howpublished = {\url{https://www.reuters.com/article/us-tesla-truck-autonomous/exclusive-tesla-developing-self-driving-tech-for-semi-truck-wants-to-test-in-nevada-idUSKBN1AP2GD}},
	Month = August,
	Note = {Online Article, Accessed Date: 10-March-2017},
	Publisher = {REUTERS},
	Title = {``Tesla Developing Self-driving Tech for Semi-Truck, Wants to Test in {N}evada''},
	Year = {2017}}
	
@misc{reuters2,	
	Author = {Vertabedian, Marc},
	Howpublished = {\url{https://www.reuters.com/article/us-tesla-trucking-exclusive/exclusive-teslas-long-haul-electric-truck-aims-for-200-to-300-miles-on-a-charge-idUSKCN1B42GC}},
	Month = August,
	Note = {Online Article, Accessed Date: 10-March-2017},
	Publisher = {REUTERS},
	Title = {``Tesla{'}s 'Long-Haul' Electric Truck Aims for 200 to 300 Miles on a Charge''},
	Year = {2017}}	
	
@misc{mittr,	
	Author = {Temple, James},
	Howpublished = {\url{https://www.technologyreview.com/s/609152/an-electric-semi-definitely-wont-workbut-seven-in-a-row-might/}},
	Month = October,
	Note = {Online Article, Accessed Date: 10-March-2017},
	Publisher = {{MIT Technology Review}}},
	Title = {``An Electric Semi Definitely Won’t Work—But Seven in a Row Might''},
	Year = {2017}}	
	
@misc{drive,	
	Author = {Adams, Eric},
	Howpublished = {\url{http://www.thedrive.com/tech/15633/how-autonomous-trucking-will-actually-work}},
	Month = October,
	Note = {Online Article, Accessed Date: 10-March-2017},
	Publisher = {{The Drive}},
	Title = {``How Autonomous Trucking Will Actually Work''},
	Year = {2017}}		
	
	
	
	
@article{kalupson2013autolion,
  title={AutoLion™: A thermally Coupled Simulation Tool for Automotive Li-Ion Batteries},
  author={Kalupson, Jim and Luo, Gang and Shaffer, Christian E},
  year={2013},
  publisher={SAE International},
  journal={SAE Tech. Pap.},
  pages={2013-01-1522},
  url="https://doi.org/10.4271/2013-01-1522",
  doi="10.4271/2013-01-1522"
}
@manual{FAR14,
	title		= "Federal Aviation Regulations: Part 14",
	organization	= "Federal Aviation Administration",
	address	= "800 Independence Avenue, SW, Washington, DC 20591",
	year		= "2017",
	month		= "5",
	note		= "\url{https://www.ecfr.gov/cgi-bin/text-idx?SID=685dc1ae97ae3f5e5569e47880fab01e&mc=true&node=pt14.1.23}"
}

@article{safari2009multimodal,
  title={Multimodal Physics-Based Aging Model for Life Prediction of Li-Ion Batteries},
  author={Safari, M and Morcrette, M and Teyssot, A and Delacourt, C},
  journal={J. Electrochem. Soc.},
  volume={156},
  number={3},
  pages={A145--A153},
  year={2009},
  publisher={The Electrochemical Society}
}

@misc{vTechAtmos,
title = {The Standard Atmosphere},
howpublished = {Virginia Tech: AOE 2104 Lecture Slides},
note = {\url{http://www.dept.aoe.vt.edu/~lutze/AOE2104/3atmosphere.pdf}}
}

@article{sripad2017evaluation,
  title={Evaluation of Current, Future, and Beyond Li-Ion Batteries for the Electrification of Light Commercial Vehicles: Challenges and Opportunities},
  author={Sripad, Shashank and Viswanathan, Venkatasubramanian},
  journal={J. Electrochem. Soc.},
  volume={164},
  number={11},
  pages={E3635--E3646},
  year={2017},
  publisher={The Electrochemical Society}
}


@misc{nrel_dc,
	Author = {Kelly, K and Prohaska, R and Ragatz, A and Konan, A},
	Howpublished = {\url{www.nrel.gov/transportation/drive-cycle-tool}},
	Title = {NREL DriveCAT - Chassis Dynamometer Test Cycles},
	Year = {2016}}
	

@article{wang_degradation,
  title={Modeling of Lithium Plating Induced Aging of Lithium-Ion Batteries: Transition from Linear to Nonlinear Aging},
  author={Yang, Xiao-Guang and Leng, Yongjun and Zhang, Guangsheng and Ge, Shanhai and Wang, Chao-Yang},
  journal={J. Power Sources},
  volume={360}, 
  pages={28--40},
  year={2017},
  publisher={Elsevier}
}


@article{alst1,
  title={Analysis of Electrochemical and Thermal Behavior of Li-Ion Cells},
  author={Srinivasan, Venkat and Wang, Chao-Yang},
  journal={J. Electrochem. Soc.},
  volume={150},
  number={1},
  pages={A98--A106},
  year={2003},
  publisher={The Electrochemical Society}
}

@article{alst2,
  title={Electrochemical--Thermal MOdeling of Automotive Li-Ion Batteries and Experimental Validation Using a Three-Electrode Cell},
  author={Fang, Weifeng and Kwon, Ou Jung and Wang, Chao-Yang},
  journal={Int. J. Energy Res.},
  volume={34},
  number={2},
  pages={107--115},
  year={2010},
  publisher={Wiley Online Library}
}

@article{alst3,
  title={Power and Thermal Characterization of a Lithium-Ion Battery Pack for Hybrid-Electric Vehicles},
  author={Smith, Kandler and Wang, Chao-Yang},
  journal={J. Power Sources},
  volume={160},
  number={1},
  pages={662--673},
  year={2006},
  publisher={Elsevier}
}

@article{peterson2010lithium,
  title={Lithium-Ion Battery Cell Degradation Resulting from Realistic Vehicle and Vehicle-to-Grid Utilization},
  author={Peterson, Scott B and Apt, Jay and Whitacre, JF},
  journal={J. Power Sources},
  volume={195},
  number={8},
  pages={2385--2392},
  year={2010},
  publisher={Elsevier}
}

@article{crabtree2015perspective,
  title={Perspective: The Energy-Storage Revolution},
  author={Crabtree, George},
  journal={Nature},
  volume={526},
  number={7575},
  pages={S92--S92},
  year={2015},
  publisher={Nature Research}
}

@article{crabtree2017transportation,
  title={Where is Transportation Going?},
  author={Crabtree, George and Kocs, Elizabeth and Tillman, Bryan},
  journal={Europhysics News},
  volume={48},
  number={3},
  pages={21--25},
  year={2017},
  publisher={EDP Sciences}
}

@article{sakti2017consistency,
  title={Consistency and Robustness of Forecasting for Emerging Technologies: The Case of Li-Ion Batteries for Electric Vehicles},
  author={Sakti, Apurba and Azevedo, In{\^e}s ML and Fuchs, Erica RH and Michalek, Jeremy J and Gallagher, Kevin G and Whitacre, Jay F},
  journal={Energy Policy},
  volume={106},
  pages={415--426},
  year={2017},
  publisher={Elsevier}
}

@article{kaack2018decarbonizing,
  title={Decarbonizing Intraregional Freight Systems with a Focus on Modal Shift},
  author={Kaack, Lynn Helena and Vaishnav, Parth Trilochan and Morgan, M Granger and Azevedo, In{\^e}s and Rai, Srijana},
  journal={Environ. Res. Lett.},
  year={2018},
  publisher={IOP Publishing}
}

@misc{den2013zero,
  title={Zero Emissions Trucks: An Overview of State-of-the-Art Technologies and Their Potential},
  author={Den Boer, Eelco and Aarnink, S and Kleiner, F and Pagenkopf, J},
  year={2013}
}

@misc{posada2016costs,
  title={Costs of Emission Reduction Technologies for Heavy-Duty Diesel Vehicles},
  author={Posada, Francisco and Chambliss, Sarah and Blumberg, Kate},
  year={2016},
  publisher={Retrieved from the International Council on Clean Transportation, https://www.theicct.org/sites/default/files/publications/ICCT_costs-emission-reduction-tech-HDV_20160229.pdf}
}

@article{peterson2010lithium,
  title={Lithium-Ion Battery Cell Degradation Resulting from Realistic Vehicle and Vehicle-to-Grid Utilization},
  author={Peterson, Scott B and Apt, Jay and Whitacre, JF},
  journal={J. Power Sources},
  volume={195},
  number={8},
  pages={2385--2392},
  year={2010},
  publisher={Elsevier}
}

@misc{icct_supert,
  title={The US SuperTruck Program: Expediting the Development of Advanced Heavy-Duty Vehicle Efficiency Technologies},
  author={Delgado, Oscar and Lutsey, Nic},
  year={2016},
  publisher={Retrieved from the International Council on Clean Transportation, https://www.theicct.org/sites/default/files/publications/ICCT_SuperTruck-program_20140610.pdf}
}

@misc{epa2011final,
  title={Final Rulemaking to Establish Greenhouse Gas Emissions Standards and Fuel Efficiency Standards for Medium-and Heavy-Duty Engines and Vehicles: Regulatory Impact Analysis},
  author={{U.S EPA, N.H.T.S.A}},
  year={2011}
}

@misc{calstart,
  title={I-710 Project Zero-Emission Truck Commercialization Study Final Report},
  author={CALSTART, Inc. 48 S. Chester Ave. Pasadena, CA},
  year={2013},
}

@misc{icct_costs,
  title={Transitioning to Zero-Emission Heavy-Duty Freight Vehicles},
  author={Moultak, Marissa and Lutsey, Nic and Hall, Dale},
  year={2017},
  publisher={Retrieved from the International Council on Clean Transportation, http://www. theicct. org/sites/default/files/publications/Zeroemission-freight-trucks\_ICCT-whitepaper\_26092017\_vF.pdf}
}

@article{gao2017energy,
  title={Energy Consumption and Cost Savings of Truck Electrification for Heavy-Duty Vehicle Applications},
  author={Gao, Zhiming and Lin, Zhenhong and Franzese, Oscar},
  journal={Transportation Research Record: Journal of the Transportation Research Board},
  number={2628},
  pages={99--109},
  year={2017},
  publisher={Transportation Research Board of the National Academies}
}

@phdthesis{ozdemir2012future,
  title={The Future Role of Alternative Powertrains and Fuels in the German Transport Sector: A Model Based Scenario Analysis with Respect to Technical, Economic and Environmental Aspects with a Focus on Road Transport},
  author={{\"O}zdemir, Enver Doruk},
  year={2012}
}

@misc{carb,
  title={Technology Assessment: Medium- and Heavy- Duty Battery Electric Trucks and Buses},
  author={{California Air Resources Board}},
  year={2015},
  publisher={Retrieved from the California Air Resources Board, https://www.arb.ca.gov/msprog/tech/techreport/bev_tech_report.pdf}
}

@misc{supert_ta,
	title = {DOE SuperTruck Program Benefits Analysis},
	year = {2012},
	author = {TA Engineering, Inc. of Baltimore, MD.},
	publisher={Retrieved from the Argonne National Laboratory, https://www.anl.gov/energy-systems/publication/doe-supertruck-program-benefits-analysis}
}

@article{xfc,
  title={Enabling Fast Charging--Infrastructure and Economic Considerations},
  author={Burnham, Andrew and Dufek, Eric J and Stephens, Thomas and Francfort, James and Michelbacher, Christopher and Carlson, Richard B and Zhang, Jiucai and Vijayagopal, Ram and Dias, Fernando and Mohanpurkar, Manish},
  journal={J. Power Sources},
  volume={367},
  pages={237--249},
  year={2017},
  publisher={Elsevier}
}

@misc{vtts,
	title = {The Value of Travel Time Savings, Departmental Guidance for Conducting Economic Evaluations Revision 2 (2014 Update)},
	year = {2014},
	author = {{US Department of Transportation}}
}

%%Ragone plot references
@article{kumar2018temperature,
  title={Temperature Effect on “Ragone Plots” of Lithium-Ion Batteries},
  author={Kumar, S Krishna and Abduh, Audy ABM and Sabih, Othmane and Yazami, Rachid},
  journal={J. Electrochem. Soc.},
  volume={165},
  number={3},
  pages={A674--A679},
  year={2018},
  publisher={The Electrochemical Society}
}

@article{mccloskey,
author = {McCloskey, Bryan D.},
title = {Expanding the Ragone Plot: Pushing the Limits of Energy Storage},
journal = {J. Phys. Chem. Lett.},
volume = {6},
number = {18},
pages = {3592-3593},
year = {2015},
publisher={ACS Publications}
}

%%Specific Energy 
@article{schmuch2018performance,
  title={Performance and Cost of Materials for Lithium-Based Rechargeable Automotive Batteries},
  author={Schmuch, Richard and Wagner, Ralf and H{\"o}rpel, Gerhard and Placke, Tobias and Winter, Martin},
  journal={Nat. Energy},
  volume={3},
  number={4},
  pages={267},
  year={2018},
  publisher={Nature Publishing Group}
}

%%Fast charging specific energy etc.
@article{yang2018understanding,
  title={Understanding the Trilemma of Fast Charging, Energy Density and Cycle Life of Lithium-Ion Batteries},
  author={Yang, Xiao-Guang and Wang, Chao-Yang},
  journal={J. Power Sources},
  volume={402},
  pages={489--498},
  year={2018},
  publisher={Elsevier}
}

%%Power fade

@article{vetter2005ageing,
  title={Ageing Mechanisms in Lithium-Ion Batteries},
  author={Vetter, J and Nov{\'a}k, Petr and Wagner, Markus Robert and Veit, Claudia and M{\"o}ller, K-C and Besenhard, JO and Winter, Martin and Wohlfahrt-Mehrens, Margret and Vogler, C and Hammouche, A},
  journal={J. Power Sources},
  volume={147},
  number={1-2},
  pages={269--281},
  year={2005},
  publisher={Elsevier}
}

%%EV End of life 80% value
@article{wood2011investigation,
  title={Investigation of Battery End-of-Life Conditions for Plug-In Hybrid Electric Vehicles},
  author={Wood, Eric and Alexander, Marcus and Bradley, Thomas H},
  journal={J. Power Sources},
  volume={196},
  number={11},
  pages={5147--5154},
  year={2011},
  publisher={Elsevier}
}

@article{propfe2012cost,
  title={Cost Analysis of Plug-In Hybrid Electric Vehicles Including Maintenance \& Repair Costs and Resale Values},
  author={Propfe, Bernd and Redelbach, Martin and Santini, Danilo J and Friedrich, Horst},
  journal={World Electric Vehicle Journal},
  volume={5},
  number={4},
  pages={886--895},
  year={2012},
  publisher={Multidisciplinary Digital Publishing Institute}
}

%%The cells for:

@misc{samcells,
  title={Samsung SDI Cylindrical Cells},
  Howpublished = {\url{http://www.samsungsdi.com/lithium-ion-battery/index.html}},
  Note={Retrieved from the cell specifications sheet}
}


@misc{lgcells,
  title={LG Chem Cylindrical Cells},
  Howpublished = {\url{http://www.lgchem.com/global/small-battery/it-device-battery/product-detail-PDEA0001}},
  Note={Retrieved from the cell specifications sheet}
}

@misc{molicel,
  title={Molicel Cylindrical Cells},
  Howpublished = {\url{ http://www.molicel.com/ca/products_data.html}},
  Note={Retrieved from the cell specifications sheet}
}

@misc{panasonic,
  title={Panasonic Cylindrical Cells},
  Howpublished = {\url{https://na.industrial.panasonic.com/products/batteries/rechargeable-batteries/lithium-ion/series/cylindrical-series/CS474}},
  Note={Retrieved from the cell specifications sheet}
}

@misc{a123cells,
  title={A123 Systems APR18650M1-A},
  Howpublished = {\url{https://www.batteryspace.com/prod-specs/6612.pdf}},
  Note={Retrieved from the cell specifications sheet}
}


@misc{a123cells2,
  title={A123 Systems ANR26650M1-B},
  Howpublished = {\url{ https://www.batteryspace.com/prod-specs/6610.pdf}},
  Note={Retrieved from the cell specifications sheet}
}




